@misc{ubuntu_server_installation,
  author       = {Canonical Group Ltd.},
  title        = {Basic Ubuntu Server Installation},
  year         = {2025},
  url          = {https://documentation.ubuntu.com/server/tutorial/basic-installation/},
  note         = {Accessed: 2025-03-18}
}
