https://link.springer.com/article/10.1023/A:1006529012972
https://arxiv.org/pdf/1203.5028
