@online{optomed,
    title        = "OPTOMED OT400 Bariatric Ceiling Hoist",
    author       = "MMS Medical",
    url          = "https://www.mmsmedical.ie/product/opemed-ot400/",
    addendum     = "Accessed: 2024--IV--14"
}

@online{isb,
    title        = "Safety, Health and Welfare at Work Act 2005",
    author       = "Government of Ireland",
    url          = "https://www.irishstatutebook.ie/eli/2005/act/10/schedule/3/enacted/en/html",
    addendum     = "Accessed: 2024--IV--14"
}
