% % https://link.springer.com/article/10.1023/A:1006529012972
% % https://arxiv.org/pdf/1203.5028
%
%
% @article{adboun,
% author = {Otman, Abdoun and Tajani, Chakir and Abouchabaka, Jaafar},
% year = {2012},
% month = {03},
% pages = {},
% title = {Hybridizing PSM and RSM Operator for Solving NP-Complete Problems:
% Application to Travelling Salesman Problem},
% volume = {9},
% journal = {International Journal of Computer Science Issues}
% }
%
% @online{crossover,
%    author = "Wikipedia",
%    title = "{Crossover (evolutionary algorithm)} --- {W}ikipedia{,} The Free Encyclopedia",
%    year = "2025",
%    url = "https://en.wikipedia.org/wiki/Crossover_(evolutionary_algorithm)",
%    urldate = "2025-02-19"
%  }
