Copy code
@article{author2020title,
  author = {Author, A.},
  title = {Title of the article},
  journal = {Journal Name},
  year = {2020},
  volume = {12},
  number = {3},
  pages = {45--67}
}
